Created by Kbib version 0.6.5
\#Last modified: Mon Jun  7 17:13:28 2010

@InProceedings{ MorrisEbert02,
	author = "Christopher J. Morris and David Ebert",
	title = "Direct volume rendering of photographic volumes using multi-dimensional color-based transfer functions",
	booktitle = "VISSYM '02: Proceedings of the symposium on Data Visualisation 2002",
	pages = "115--ff",
	year = "2002",
	address = "Aire-la-Ville, Switzerland, Switzerland",
	publisher = "Eurographics Association",
	isbn = "1-58113-536-X",
	location = "Barcelona, Spain"
}

@Article{ LuMorris03,
	author = "Aidong Lu and Christopher J. Morris and Joe Taylor and David S. Ebert and Charles Hansen and Penny Rheingans and Mark Hartner",
	title = "Illustrative Interactive Stipple Rendering",
	journal = "IEEE Transactions on Visualization and Computer Graphics",
	year = "2003",
	volume = "9",
	number = "2",
	pages = "127--138",
	doi = "http://dx.doi.org/10.1109/TVCG.2003.1196001",
	address = "Piscataway, NJ, USA",
	issn = "1077-2626",
	publisher = "IEEE Educational Activities Department"
}

@InCollection{ Haber-1990-VIC,
	author = "R.B. Haber and D. A. McNabb",
	title = "Visualization Idioms: A Conceptual Model for Scientific Visualization Systems",
	booktitle = "Visualization in Scientific Computing",
	pages = "74--93",
	publisher = "B. Shriver and G.M. Nielson and L.J. Rosenblum",
	year = "1990",
	organization = "IEEE Computer Society Press"
}

@Book{ RealTimeRendering,
	author = "Tomas Akenine-Moller and Tomas Moller and Eric Haines",
	title = "Real-Time Rendering",
	publisher = "A. K. Peters, Ltd.",
	year = "2002",
	address = "Natick, MA, USA",
	isbn = "1568811829"
}

@Article{ Wilhelms92,
	author = "Jane Wilhelms and Allen Van Gelder",
	title = "Octrees for faster isosurface generation",
	journal = "ACM Trans. Graph.",
	year = "1992",
	volume = "11",
	number = "3",
	pages = "201--227",
	doi = "http://doi.acm.org/10.1145/130881.130882",
	address = "New York, NY, USA",
	issn = "0730-0301",
	publisher = "ACM Press"
}

@InProceedings{ BlinnAlbedo,
	author = "James F. Blinn",
	title = "Light reflection functions for simulation of clouds and dusty surfaces",
	booktitle = "SIGGRAPH '82: Proceedings of the 9th annual conference on Computer graphics and interactive techniques",
	pages = "21--29",
	year = "1982",
	address = "New York, NY, USA",
	publisher = "ACM Press",
	isbn = "0-89791-076-1",
	location = "Boston, Massachusetts, United States"
}

@Article{ noise96,
	author = "Yarden Livnat and Han-Wei Shen and Christopher R. Johnson",
	title = "A Near Optimal Isosurface Extraction Algorithm Using the Span Space",
	journal = "IEEE Transactions on Visualization and Computer Graphics",
	year = "1996",
	volume = "2",
	number = "1",
	pages = "73--84"
}

@Book{ IntervalTreeExplanation,
	author = "Berg and {van Kreveld} and Overmars and Schwarzkopf",
	title = "Computational Geometry Algorithms and Applications",
	publisher = "Springer",
	year = 2000,
	edition = "second"
}

@Manual{ LibPcap,
	title = "LibPcap",
	note = "http://www.tcpdump.org/ Site consultado em Abril de 2010"
}

@MastersThesis{ LuisOliveira:MSc:2011,
	author = "Lu{\'i}s Oliveira",
	title = "{A Framework for Scientific Computing with GPUs}",
	school = "Universidade Nova de Lisboa",
	address = "Portugal",
	year = "2011"
}

@Misc{ apple:openCLFFT,
	month = dec,
	title = "Open{CL}\_{FFT}",
	year = "2009",
	howpublished = "\url{https://developer.apple.com/mac/library/samplecode/OpenCL_FFT/}"
}

@Misc{ Baker99clustercomputing,
	author = "Mark Baker and Rajkumar Buyya",
	title = "Cluster Computing at a Glance",
	year = "1999"
}

@Misc{ berkelNOW10,
	title = "{The Berkeley NOW Project}",
	year = "2010",
	howpublished = "\url{http://now.cs.berkeley.edu}"
}

@Misc{ CLIntro-Webinar09,
	author = "John E. Stone",
	month = dec,
	title = "Introduction to {O}pen{CL} {W}ebinar",
	year = "2009",
	howpublished = "\url{http://www.gpucomputing.net/?q=node/128}"
}

@Misc{ condorsite,
	title = "{Condor: High Throughput Computing}",
	year = "2010",
	howpublished = "\url{http://www.cs.wisc.edu/condor/}"
}

@Misc{ CORBA08,
	author = "OMG Group",
	month = jan,
	title = "{CORBA 3.1}",
	year = "2008",
	howpublished = "\url{http://www.omg.org/spec/CORBA/3.1/}"
}

@Manual{ ESA-ASAR07,
	month = feb,
	title = "ASAR Product Handbook",
	year = "2007",
	organization = "European Space Agency"
}

@Manual{ GLSLspec15,
	author = "John Kessenich and Dave Badwin and Randi Rost",
	month = jul,
	title = "The OpenGL Shading Language",
	edition = "Version 1.1",
	year = "2009",
	organization = "The Khronos Group"
}

@Manual{ intel:MKLIn-Depth,
	title = "Intel Math Kernel Library --- 10.2 In-Depth",
	year = "2009",
	organization = "Intel Corporation"
}

@Manual{ mabadminguide5.4,
	title = "{Moab Workload Manager --- Administrator's Guide}",
	edition = "Version 5.4",
	year = "2010",
	organization = "Adaptive Computing Enterprises Inc."
}

@Manual{ mauiadminguide02,
	month = may,
	title = "{Maui Administrator's Guide}",
	edition = "Maui 3.2",
	year = "2002",
	organization = "Supercluster Research and Development Group"
}

@Manual{ mosixmanual:barak10,
	author = "Amnon Barak and Amnon Shiloh",
	title = "{MOSIX --- User’s and Administrator’s Guides and Manuals}",
	edition = "Revised for MOSIX-2.29.0",
	year = "2010"
}

@Manual{ mpispec09,
	month = sep,
	title = "{MPI: A Message-Passing Interface Standard}",
	edition = "Version 2.2",
	year = "2009",
	organization = "{Message Passing Interface Forum}"
}

@MastersThesis{ msc-thesis:cclemente08,
	author = "Carmine Clemente and Maurizio di Bisceglie",
	title = "{SARRACUDA}: {U}n {P}rocessore {SAR} {R}ange {D}oppler {S}u {T}ecnologia {CUDA}",
	year = "2008",
	school = "Facolt{\`a} di Ingegneria, Universit{\`a} degli Studi del Sannio, Benevento, Italy"
}

@MastersThesis{ msc-thesis:razevedo09,
	author = "Rui Azevedo",
	month = sep,
	title = "{S}inthetic {A}perture {R}adar {P}rocessor - {ERS}-2 {S}atellite",
	type = "Diploma report",
	year = "2009",
	school = "Departamento de Inform{\'a}tica da Universidade Nova de Lisboa",
	address = "Portugal"
}

@Misc{ netlib,
	title = "The {N}etlib {R}epository",
	howpublished = "\url{http://www.netlib.org/}",
	note = "AT\&T Bell Laboratories, the University of Tennessee and Oak Ridge National Laboratory"
}

@Manual{ nvidia:CULAProgGuide1.1b,
	month = jan,
	title = "CULA Programmer’s Guide",
	edition = "Release 1.1b",
	year = "2010",
	organization = "NVIDIA"
}

@Manual{ ompapi08,
	month = may,
	title = "{OpenMP Application Program Interface}",
	edition = "3.0",
	year = "2008",
	organization = "OpenMP Architecture Review Board."
}

@Manual{ SGE,
	month = may,
	title = "Sun N1 Grid Engine 6.1 User's Guide - Sun Microsystems",
	year = "2010",
	organization = "Sun/Oracle",
	note = "\url{http://docs.sun.com/doc/820-0699}"
}

@Manual{ torqueadminman,
	title = "{Torque Administrator's Manual}",
	edition = "Version 2.4.5",
	year = "2010",
	organization = "Adaptive Computing Enterprises, Inc."
}

@TechReport{ kernel_debug_printk_on_fly,
	author = "Prasanna S. Panchamukhi",
	title = "Kernel debugging with Kprobes Insert printk's into the Linux kernel on the fly",
	year = 2004,
	month = "aug",
	url = "http://www.ibm.com/developerworks/library/l-kprobes.html",
	abstract = "Collecting debugging information from the Linux™ kernel using printk is a well-known method -- and with Kprobes, it can be done without the need to constantly reboot and rebuild the kernel. Kprobes, in combination with 2.6 kernels, provides a lightweight, non-disruptive, and powerful mechanism to insert printk's dynamically. Logging debug info, such as the kernel stack trace, kernel data structures, and registers, has never been so easy!"
}

@InProceedings{ Tamches99fine-graineddynamic,
	author = "Ariel Tamches and Barton P. Miller",
	title = "Fine-grained dynamic instrumentation of commodity operating system kernels",
	pages = "117--130",
	year = 1999
}

@InProceedings{ Cantrill2004,
	author = "Bryan M. Cantrill and Michael W. Shapiro and Adam H. Leventhal and Sun Microsystems",
	title = "Dynamic instrumentation of production systems",
	pages = "15--28",
	year = 2004
}

@TechReport{ Jones2009,
	author = "M. Tim Jones",
	title = "Linux introspection and SystemTap An interface and language for dynamic kernel analysis",
	year = 2009,
	month = "Nov.",
	url = "http://www.ibm.com/developerworks/linux/library/l-systemtap/index.html",
	comment = "Modern operating system kernels provide the means for introspection, the ability to peer dynamically within the kernel to understand its behaviors. These behaviors can indicate problems in the kernel as well as performance bottlenecks. With this knowledge, you can tune or modify the kernel to avoid failure conditions. Discover an open source infrastructure called SystemTap that provides this dynamic introspection for the Linux® kernel."
}

@Article{ Lee2009,
	author = "Byungjoon Lee and Seong Moon and Youngseok Lee",
	title = "Application-specific packet capturing using kernel probes",
	year = 2009,
	month = "Aug.",
	keywords = "Internet, monitoring, protocols, reverse engineering, telecommunication traffic, Internet traffic, application-specific packet capturing, kernel probes, protocols, reverse engineering, traffic monitoring system",
	url = "http://ieeexplore.ieee.org/stamp/stamp.jsp?tp=&arnumber=5188827",
	doi = "10.1109/INM.2009.5188827",
	abstract = "When we reverse-engineer unknown protocols or analyze the Internet traffic, it is critical to capture complete traffic traces generated by a target application. Besides, to prove the accuracy of Internet traffic classification algorithms of the traffic monitoring system usually located in the middle of the network, it is highly required to retain traffic traces associated with the related application. Therefore, in this paper, we present an application-specific packet capturing method at end hosts, which is based on the dynamic kernel probing technique. From the experiments it is shown that the proposed method is useful for creating per-application complete traffic traces without performance degradation."
}

@InProceedings{ Deri2004,
	author = "Luca Deri",
	title = "Improving Passive Packet Capture: Beyond Device Polling",
	year = 2004,
	month = "Oct.",
	organization = "Proceedings of SANE",
	keywords = "Passive packet capture, device polling, Linux, NetFlow",
	url = "http://luca.ntop.org/Ring.pdf",
	abstract = "Passive packet capture is necessary for many activities including network debugging and monitoring. With the advent of fast gigabit networks, packet capture is becoming a problem even on PCs due to the poor performance of popular operating systems. The introduction of device polling has improved the capture process quite a bit but not really solved the problem. This paper proposes a new approach to passive packet capture that combined with device polling allows packets to be captured and analyzed using the NetFlow protocol at (almost) wire speed on Gbit networks using a commodity PC."
}

@Article{ Donovan2007,
	author = "Stephanie Donovan and Gerrit Huizenga Ibm and Andrew J. Hutton and Andrew J. Hutton and C. Craig Ross and C. Craig Ross and Linux Symposium and Linux Symposium and Linux Symposium and Martin K. Petersen and Wild Open Source and Tom Zanussi and Karim Yaghmour and Robert Wisniewski and Richard Moore and Michel Dagenais",
	title = "relayfs: An Efficient Unified Approach for Transmitting Data from Kernel to User Space",
	year = 2007,
	url = "http://citeseerx.ist.psu.edu/viewdoc/summary?doi=?doi=10.1.1.1.7002",
	abstract = "Authors retain copyright to all submitted papers, but have granted unlimited redistribution rights to all as a condition of submission.",
	institution = "CiteSeerX - Scientific Literature Digital Library and Search Engine [http://citeseerx.ist.psu.edu/oai2] (United States)"
}

@Article{ Mathieu2009,
	author = "Desnoyers Mathieu and Dagenais Michel R.",
	title = "LTTng, Filling the Gap between Kernel Instrumentation and a Widely Usable Kernel Tracer",
	year = 2009
}

@InProceedings{ Hollingsworth94dynamicprogram,
	author = "Jeffrey Hollingsworth and Barton P. Miller and Jon Cargille",
	title = "Dynamic Program Instrumentation for Scalable Performance Tools",
	pages = "841--850",
	year = "1994"
}

@InProceedings{ Mccanne92thebsd,
	author = "Steven Mccanne and Van Jacobson",
	title = "The BSD Packet Filter: A New Architecture for User-level Packet Capture",
	pages = "259--269",
	year = "1992"
}

@PhDThesis{ DuartePhd05,
	title = "Uma Arquitectura para a Monitorizac\c{}{\~a}o de Computac\c{}\~oes Paralelas e Distribu{\'i}das",
	author = "V. Duarte",
	school = "Faculdade de Ci{\^e}ncias e Tecnologia",
	month = "May",
	year = 2005,
	lockkey = "N"
}

@InProceedings{ To03relayfs:an,
	author = "From Kernel To and Tom Zanussi and Karim Yaghmour and Robert Wisniewski",
	title = "relayfs: An Efficient Unified Approach for Transmitting Data",
	booktitle = "In Proceedings of the Ottawa Linux Symposium 2003",
	pages = "494--507",
	year = "2003"
}

@InProceedings{ 1688981,
	author = "Byungjoon Lee and Seong Moon and Youngseok Lee",
	title = "Application-specific packet capturing using kernel probes",
	booktitle = "IM'09: Proceedings of the 11th IFIP/IEEE international conference on Symposium on Integrated Network Management",
	year = "2009",
	isbn = "978-1-4244-3486-2",
	pages = "303--306",
	location = "New York, NY, USA",
	publisher = "IEEE Press",
	address = "Piscataway, NJ, USA"
}

@Article{ 505678,
	title = "mmdump: a tool for monitoring internet multimedia traffic",
	author = "Jacobus van der Merwe and Ram{\'o}n C{\'a}ceres and Yang-hua Chu and Cormac Sreenan",
	publisher = "ACM",
	address = "New York, NY, USA",
	journal = "SIGCOMM Comput. Commun. Rev.",
	pages = "48--59",
	volume = "30",
	number = "5",
	year = "2000",
	issn = "0146-4833",
	doi = "http://doi.acm.org/10.1145/505672.505678"
}

@InProceedings{ 1251278,
	author = "Herbert Bos and Willem de Bruijn and Mihai Cristea and Trung Nguyen and Georgios Portokalidis",
	title = "FFPF: fairly fast packet filters",
	booktitle = "OSDI'04: Proceedings of the 6th conference on Symposium on Opearting Systems Design \& Implementation",
	year = "2004",
	pages = "24--24",
	location = "San Francisco, CA",
	publisher = "USENIX Association",
	address = "Berkeley, CA, USA"
}

@InProceedings{ 1387609,
	author = "Zhenyu Wu and Mengjun Xie and Haining Wang",
	title = "Swift: a fast dynamic packet filter",
	booktitle = "NSDI'08: Proceedings of the 5th USENIX Symposium on Networked Systems Design and Implementation",
	year = "2008",
	isbn = "111-999-5555-22-1",
	pages = "279--292",
	location = "San Francisco, California",
	publisher = "USENIX Association",
	address = "Berkeley, CA, USA"
}

@MastersThesis{ Farruca:2009,
	title = "Wireshark para sistemas distribu{\'i}dos",
	author = "Nuno Miguel Galego Farruca",
	editor = "V{\'i}tor Duarte",
	school = "Faculdade de Ci{\^e}ncias e Tecnologia - Universidade Nova de Lisboa",
	year = "2009",
	keywords = "An{\'a}lise de protocolos, Monitoriza\c{c}{\~a}o das comunica\c{c}ões em rede, Monitoriza\c{c}{\~a}o de sistemas distribu{\'i}dos, Visualiza\c{c}{\~a}o de sistemas distribu{\'i}dos",
	abstract = " No contexto de sistemas distribu{\'i}dos existe muitas vezes a necessidade de monitorizar determinada aplica\c{c}{\~a}o distribu{\'i}da por v{\'a}rios computadores. Estes sistemas s{\~a}o constitu{\'i}dos por v{\'a}rios processos que comunicam uns com os outros recorrendo a protocolos IP. Existem v{\'a}rias ferramentas dispon{\'i}veis para captura de pacotes, monitoriza\c{c}{\~a}o e an{\'a}lise do tr{\'a}fego de rede. Podem tamb{\'e}m permitir que sejam elaboradas estat{\'i}sticas, gr{\'a}ficos e diagramas com base no tr{\'a}fego capturado. Estas ferramentas ao efectuarem captura de pacotes, mesmo que permitam a defini\c{c}{\~a}o de filtros, podem sempre capturar pacotes que n{\~a}o s{\~a}o pretendidos, como por exemplo, quando o utilizador pretende capturar o tr{\'a}fego respeitante a um s{\'o} processo em execu\c{c}{\~a}o. Uma das ferramentas mais completas para captura e efectuar an{\'a}lise de tr{\'a}fego de rede {\'e} o Wireshark. Outras ferramentas permitem monitorizar sistemas distribu{\'i}dos registando as interac\c{c}ões entre processos a um n{\'i}vel mais elevado,permitindo verificar os seus padrões de interac\c{c}{\~a}o e a arquitectura do sistema. O objectivo deste trabalho foi criar uma nova ferramenta baseada no Wireshark e nas suas bibliotecas que permita obter e analisar o tr{\'a}fego de um {\'u}nico processo ou de todos os processos pertencentes a um determinado sistema distribu{\'i}do. Esta nova ferramenta tem como vantagem permitir identificar facilmente quais os processos e respectivos computadores usados por determinado sistema, como seja uma aplica\c{c}{\~a}o distribu{\'i}da ou paralela, e suas liga\c{c}ões, com o n{\'i}vel de detalhe obtido com o Wireshark. Procura-se centrar a captura e a sua an{\'a}lise apenas no tr{\'a}fego espec{\'i}fico do sistema sob observa\c{c}{\~a}o, ignorando o restante."
}

@Article{ administrator:napi,
	title = "napi",
	author = "Linux Foundation Administrator",
	journal = "The Linux Foundation",
	month = nov,
	year = "2009",
	url = "http://www.linuxfoundation.com/print/5241"
}

@Misc{ KProbesSite,
	title = "KProbes",
	note = "http://sourceware.org/systemtap/kprobes/ Site consultado em Mar\c{c}o de 2010",
	url = "http://sourceware.org/systemtap/kprobes/"
}

@Article{ Will:TuninProgrOProf,
	title = "Tuning Programs with OProfile",
	author = "E. Cohen. William",
	journal = "WIDE OPEN MAGAZINE",
	url = "http://people.redhat.com/wcohen/Oprofile.pdf"
}

@Manual{ PFRING,
	title = "PF\_RING",
	note = "http://www.ntop.org/PF\_RING.html Site consultado em junho de 2010"
}

@Manual{ Deri:2010,
	title = "Exploiting Commodity Multi-core Systems for Network Traffic Analysis",
	url = "http://luca.ntop.org/MulticorePacketCapture.pdf",
	author = "Luca Deri",
	year = "2010"
}

@InProceedings{ duarte10,
	title = " Using libPcap for Monitoring Distributed Applications ",
	booktitle = " International Conference on High Performance Computing \& Simulation (HPCS 2010) ",
	author = "V. Duarte and N. Farruca",
	publisher = " IEEE ",
	pages = " 92--97 ",
	month = " 06 ",
	year = " 2010 ",
	isbn = "978-1-4244-6827-0"
}

@InProceedings{ Graham:1982:GCG:800230.806987,
	title = "Gprof: A call graph execution profiler",
	booktitle = "Proceedings of the 1982 SIGPLAN symposium on Compiler construction",
	series = "SIGPLAN '82",
	author = "Susan L. Graham and Peter B. Kessler and Marshall K. Mckusick",
	publisher = "ACM",
	location = "Boston, Massachusetts, United States",
	address = "New York, NY, USA",
	pages = "120--126",
	year = "1982",
	isbn = "0-89791-074-5",
	url = "http://doi.acm.org/10.1145/800230.806987",
	doi = "http://doi.acm.org/10.1145/800230.806987",
	acmid = "806987",
	numpages = "7"
}

@Misc{ KProbeKernel,
	title = "Kernel Probes (Kprobes)",
	author = "Jim Keniston and Prasanna S Panchamukhi and Masami Hiramatsu",
	note = "Consultado em abril de 2010",
	url = "http://git.kernel.org/?p=linux/kernel/git/stable/linux-2.6.39.y.git;a=blob_plain;f=Documentation/kprobes.txt;hb=HEAD"
}

@Misc{ hrtimerKernel,
	title = "hrtimers - subsystem for high-resolution kernel timers",
	author = "Thomas Gleixner and Ingo Molnar",
	note = "Site consultado em janeiro de 2011",
	url = "http://git.kernel.org/?p=linux/kernel/git/stable/linux-2.6.39.y.git;a=blob_plain;f=Documentation/timers/hrtimers.txt;hb=HEAD"
}

--HTT,

title = " Hypertext Transfer Protocol -- HTTP/1.1",

note = "Site consultado - http://tools.ietf.org/html/rfc2616",

url = "http://tools.ietf.org/html/rfc2616"
}

@Misc{ ftp-proto,
	title = " FILE TRANSFER PROTOCOL (FTP)",
	note = "Site consultado http://tools.ietf.org/html/rfc959",
	url = "http://tools.ietf.org/html/rfc959"
}

@Misc{ procfskernel,
	title = "The proc filesystem",
	note = "Site consultado em http://kernel.org/doc/Documentation/ filesystems/proc.txt",
	url = "http://kernel.org/doc/Documentation/ filesystems/proc.txt"
}

@Misc{ netstat,
	title = "netstat(8) - Linux man page",
	note = "Site consultado http://linux.die.net/man/8/netstat",
	url = "http://linux.die.net/man/8/netstat"
}

@Article{ CTS,
	title = "{Netfilter's Connection Tracking System}",
	author = "{Pablo Neira Ayuso}",
	journal = "In :LOGIN;, The USENIX magazine, Vol. 32, No. 3, pages 34-39",
	month = jun,
	year = "2006"
}

@Article{ netfiltersite,
	title = "netfilter - firewalling, NAT and packet mangling for linux",
	note = "Site consultado http://www.netfilter.org/",
	url = "http://www.netfilter.org/"
}

@Misc{ oprofile,
	title = "OProfile",
	note = "Site consultado http://oprofile.sourceforge.net/",
	url = "http://oprofile.sourceforge.net/"
}

@Misc{ gdb,
	title = "GDB: The GNU Project Debugger",
	note = "Site consultado em http://www.gnu.org/software/gdb/",
	url = "http://www.gnu.org/software/gdb/"
}

@Misc{ strace,
	title = "Strace",
	note = "Site consultado http://sourceforge.net/projects/strace/",
	url = "http://sourceforge.net/projects/strace/"
}

@Misc{ ptrace,
	title = "ptrace(2) - Linux man page",
	note = "Site consultado http://linux.die.net/man/2/ptrace",
	url = "http://linux.die.net/man/2/ptrace"
}

@InCollection{ vampir:2008,
	author = {Andreas Kn{\"u}pfer and Holger Brunst and Jens Doleschal and Matthias Jurenz and Matthias Lieber and Holger Mickler and Matthias S. M{\"u}ller and Wolfgang E. Nagel},
	affiliation = "TU Dresden ZIH 01062 Dresden",
	title = "The Vampir Performance Analysis Tool-Set",
	booktitle = "Tools for High Performance Computing",
	editor = "Michael Resch and Rainer Keller and Valentin Himmler and Bettina Krammer and Alexander Schulz",
	publisher = "Springer Berlin Heidelberg",
	isbn = "978-3-540-68564-7",
	keyword = "Computer Science",
	pages = "139--155",
	year = "2008"
}

@InProceedings{ keller06,
	author = "Rainer Keller and George Bosilca and Graham Fagg and Michael Resch and Jack J.~Dongarra",
	title = "{Implementation and Usage of the PERUSE-Interface in Open MPI}",
	booktitle = "Proceedings, 13th European PVM/MPI Users' Group Meeting",
	address = "Bonn, Germany",
	publisher = "Springer-Verlag",
	series = "Lecture Notes in Computer Science",
	month = "September",
	year = "2006"
}

@TechReport{ kernel_debug_printk_on_fly,
	author = "Prasanna S. Panchamukhi",
	title = "Kernel debugging with Kprobes Insert printk's into the Linux kernel on the fly",
	year = 2004,
	month = "aug",
	url = "http://www.ibm.com/developerworks/library/l-kprobes.html",
	abstract = "Collecting debugging information from the Linux™ kernel using printk is a well-known method -- and with Kprobes, it can be done without the need to constantly reboot and rebuild the kernel. Kprobes, in combination with 2.6 kernels, provides a lightweight, non-disruptive, and powerful mechanism to insert printk's dynamically. Logging debug info, such as the kernel stack trace, kernel data structures, and registers, has never been so easy!"
}

@InProceedings{ Tamches:1999:FDI:296806.296817,
	author = "Ariel Tamches and Barton P. Miller",
	title = "Fine-grained dynamic instrumentation of commodity operating system kernels",
	booktitle = "Proceedings of the third symposium on Operating systems design and implementation",
	pages = "117--130",
	year = "1999",
	address = "Berkeley, CA, USA",
	publisher = "USENIX Association",
	url = "http://portal.acm.org/citation.cfm?id=296806.296817",
	acmid = "296817",
	isbn = "1-880446-39-1",
	location = "New Orleans, Louisiana, United States",
	numpages = "14"
}

@InProceedings{ Cantrill2004,
	author = "Bryan M. Cantrill and Michael W. Shapiro and Adam H. Leventhal and Sun Microsystems",
	title = "Dynamic instrumentation of production systems",
	pages = "15--28",
	year = 2004
}

@TechReport{ Jones2009,
	author = "M. Tim Jones",
	title = "Linux introspection and SystemTap An interface and language for dynamic kernel analysis",
	year = 2009,
	month = "Nov.",
	url = "http://www.ibm.com/developerworks/linux/library/l-systemtap/index.html",
	comment = "Modern operating system kernels provide the means for introspection, the ability to peer dynamically within the kernel to understand its behaviors. These behaviors can indicate problems in the kernel as well as performance bottlenecks. With this knowledge, you can tune or modify the kernel to avoid failure conditions. Discover an open source infrastructure called SystemTap that provides this dynamic introspection for the Linux® kernel."
}

@InProceedings{ 1688981,
	author = "Byungjoon Lee and Seong Moon and Youngseok Lee",
	title = "Application-specific packet capturing using kernel probes",
	booktitle = "IM'09: Proceedings of the 11th IFIP/IEEE international conference on Symposium on Integrated Network Management",
	year = "2009",
	isbn = "978-1-4244-3486-2",
	pages = "303--306",
	location = "New York, NY, USA",
	publisher = "IEEE Press",
	address = "Piscataway, NJ, USA",
	month = "Aug.",
	keywords = "Internet, monitoring, protocols, reverse engineering, telecommunication traffic, Internet traffic, application-specific packet capturing, kernel probes, protocols, reverse engineering, traffic monitoring system",
	url = "http://ieeexplore.ieee.org/stamp/stamp.jsp?tp=&arnumber=5188827",
	doi = "10.1109/INM.2009.5188827",
	abstract = "When we reverse-engineer unknown protocols or analyze the Internet traffic, it is critical to capture complete traffic traces generated by a target application. Besides, to prove the accuracy of Internet traffic classification algorithms of the traffic monitoring system usually located in the middle of the network, it is highly required to retain traffic traces associated with the related application. Therefore, in this paper, we present an application-specific packet capturing method at end hosts, which is based on the dynamic kernel probing technique. From the experiments it is shown that the proposed method is useful for creating per-application complete traffic traces without performance degradation."
}

@InProceedings{ Deri2004,
	author = "Luca Deri",
	title = "Improving Passive Packet Capture: Beyond Device Polling",
	year = 2004,
	month = "Oct.",
	organization = "Proceedings of SANE",
	keywords = "Passive packet capture, device polling, Linux, NetFlow",
	url = "http://luca.ntop.org/Ring.pdf",
	abstract = "Passive packet capture is necessary for many activities including network debugging and monitoring. With the advent of fast gigabit networks, packet capture is becoming a problem even on PCs due to the poor performance of popular operating systems. The introduction of device polling has improved the capture process quite a bit but not really solved the problem. This paper proposes a new approach to passive packet capture that combined with device polling allows packets to be captured and analyzed using the NetFlow protocol at (almost) wire speed on Gbit networks using a commodity PC."
}

@Article{ Mathieu2009,
	author = "Desnoyers Mathieu and Dagenais Michel R.",
	title = "LTTng, Filling the Gap between Kernel Instrumentation and a Widely Usable Kernel Tracer",
	year = 2009
}

@InProceedings{ Hollingsworth94dynamicprogram,
	author = "Jeffrey Hollingsworth and Barton P. Miller and Jon Cargille",
	title = "Dynamic Program Instrumentation for Scalable Performance Tools",
	pages = "841--850",
	year = "1994"
}

@InProceedings{ Mccanne92thebsd,
	author = "Steven Mccanne and Van Jacobson",
	title = "The BSD Packet Filter: A New Architecture for User-level Packet Capture",
	pages = "259--269",
	year = "1992"
}

@PhDThesis{ DuartePhd05-1,
	title = "Uma Arquitectura para a Monitorizac\c{}{\~a}o de Computac\c{}\~oes Paralelas e Distribu{\'i}das",
	author = "V. Duarte",
	school = "Faculdade de Ci{\^e}ncias e Tecnologia",
	month = "Maio",
	year = 2005,
	lockkey = "N"
}

@TechReport{ Hiramatsu2005,
	title = "Overhead Evaluation about Kprobes and Djprobe (Direct Jump Probe)",
	author = "Masami Hiramatsu",
	month = "Julho",
	year = 2005,
	url = "http://lkst.sourceforge.net/docs/probes-eval-report.pdf"
}

@Article{ 505678,
	title = "mmdump: a tool for monitoring internet multimedia traffic",
	author = "Jacobus van der Merwe and Ram{\'o}n C{\'a}ceres and Yang-hua Chu and Cormac Sreenan",
	publisher = "ACM",
	address = "New York, NY, USA",
	journal = "SIGCOMM Comput. Commun. Rev.",
	pages = "48--59",
	volume = "30",
	number = "5",
	year = "2000",
	issn = "0146-4833",
	doi = "http://doi.acm.org/10.1145/505672.505678"
}

@InProceedings{ 1251278,
	author = "Herbert Bos and Willem de Bruijn and Mihai Cristea and Trung Nguyen and Georgios Portokalidis",
	title = "FFPF: fairly fast packet filters",
	booktitle = "OSDI'04: Proceedings of the 6th conference on Symposium on Opearting Systems Design \& Implementation",
	year = "2004",
	pages = "24--24",
	location = "San Francisco, CA",
	publisher = "USENIX Association",
	address = "Berkeley, CA, USA"
}

@InProceedings{ 1387609,
	author = "Zhenyu Wu and Mengjun Xie and Haining Wang",
	title = "Swift: a fast dynamic packet filter",
	booktitle = "NSDI'08: Proceedings of the 5th USENIX Symposium on Networked Systems Design and Implementation",
	year = "2008",
	isbn = "111-999-5555-22-1",
	pages = "279--292",
	location = "San Francisco, California",
	publisher = "USENIX Association",
	address = "Berkeley, CA, USA"
}

@MastersThesis{ Farruca:2009,
	title = "Wireshark para sistemas distribu{\'i}dos",
	author = "Nuno Miguel Galego Farruca",
	editor = "V{\'i}tor Duarte",
	school = "Faculdade de Ci{\^e}ncias e Tecnologia - Universidade Nova de Lisboa",
	year = "2009",
	keywords = "An{\'a}lise de protocolos, Monitoriza\c{c}{\~a}o das comunica\c{c}ões em rede, Monitoriza\c{c}{\~a}o de sistemas distribu{\'i}dos, Visualiza\c{c}{\~a}o de sistemas distribu{\'i}dos",
	abstract = " No contexto de sistemas distribu{\'i}dos existe muitas vezes a necessidade de monitorizar determinada aplica\c{c}{\~a}o distribu{\'i}da por v{\'a}rios computadores. Estes sistemas s{\~a}o constitu{\'i}dos por v{\'a}rios processos que comunicam uns com os outros recorrendo a protocolos IP. Existem v{\'a}rias ferramentas dispon{\'i}veis para captura de pacotes, monitoriza\c{c}{\~a}o e an{\'a}lise do tr{\'a}fego de rede. Podem tamb{\'e}m permitir que sejam elaboradas estat{\'i}sticas, gr{\'a}ficos e diagramas com base no tr{\'a}fego capturado. Estas ferramentas ao efectuarem captura de pacotes, mesmo que permitam a defini\c{c}{\~a}o de filtros, podem sempre capturar pacotes que n{\~a}o s{\~a}o pretendidos, como por exemplo, quando o utilizador pretende capturar o tr{\'a}fego respeitante a um s{\'o} processo em execu\c{c}{\~a}o. Uma das ferramentas mais completas para captura e efectuar an{\'a}lise de tr{\'a}fego de rede {\'e} o Wireshark. Outras ferramentas permitem monitorizar sistemas distribu{\'i}dos registando as interac\c{c}ões entre processos a um n{\'i}vel mais elevado,permitindo verificar os seus padrões de interac\c{c}{\~a}o e a arquitectura do sistema. O objectivo deste trabalho foi criar uma nova ferramenta baseada no Wireshark e nas suas bibliotecas que permita obter e analisar o tr{\'a}fego de um {\'u}nico processo ou de todos os processos pertencentes a um determinado sistema distribu{\'i}do. Esta nova ferramenta tem como vantagem permitir identificar facilmente quais os processos e respectivos computadores usados por determinado sistema, como seja uma aplica\c{c}{\~a}o distribu{\'i}da ou paralela, e suas liga\c{c}ões, com o n{\'i}vel de detalhe obtido com o Wireshark. Procura-se centrar a captura e a sua an{\'a}lise apenas no tr{\'a}fego espec{\'i}fico do sistema sob observa\c{c}{\~a}o, ignorando o restante."
}

@Article{ administrator:napi,
	title = "napi",
	author = "Linux Foundation Administrator",
	journal = "The Linux Foundation",
	month = nov,
	year = "2009",
	url = "http://www.linuxfoundation.com/print/5241"
}

@Manual{ DProbes,
	note = "http://dprobes.sourceforge.net/ Site visitado em Abril de 2010",
	title = "DProbes",
	url = "http://dprobes.sourceforge.net/"
}

@Article{ Will:TuninProgrOProf,
	title = "Tuning Programs with OProfile",
	author = "E. Cohen. William",
	journal = "WIDE OPEN MAGAZINE",
	url = "http://people.redhat.com/wcohen/Oprofile.pdf"
}

@Manual{ IntroPF_RIDNADirecNICAcces,
	title = "Introducing PF\_RING DNA (Direct NIC Access)",
	note = "http://www.ntop.org/blog/?p=50 site consultado em junho de 2010",
	url = "http://www.ntop.org/blog/?p=50"
}

@Manual{ Deri:2010,
	title = "Exploiting Commodity Multi-core Systems for Network Traffic Analysis",
	url = "http://luca.ntop.org/MulticorePacketCapture.pdf",
	author = "Luca Deri",
	year = "2010"
}

@Book{ ULNI,
	title = "Understanding Linux Network Internals",
	author = "Christian Benvenuti",
	publisher = "O'Reilly",
	year = "2005"
}

@Book{ TLNA,
	title = "The Linux Networking Architecture, Design and Implementation of Network Protocols in the Linux Kernel",
	author = "Klaus Wehrle and Harmut Ritter",
	publisher = "Pearson - Prentice Hall",
	year = "2005"
}

@Book{ LKI,
	title = "Linux Kernel Internals",
	author = "M. Beck and M. Dziadzka and U. Kunitz and R. Magnus and D. VerWorner",
	publisher = "Addison-Wesley",
	year = "1997"
}

@Book{ LKP,
	title = "Linux Kernel Programming",
	author = "M. Beck and M. Dziadzka and U. Kunitz and D. VerWorner",
	publisher = "Addison-Wesley",
	year = "2002"
}

@Book{ TCP_IP,
	title = "TCP/IP Architecture, Design, and implementation in Linux",
	author = "Sammer Seth and M. Ajaykumar Venkatesulu",
	publisher = "Wiley",
	year = "2008"
}

@Article{ inforum,
	title = "PCap com filtragem orientada ao processo ",
	author = "Nuno Martins and V{\'i}tor Duarte",
	journal = "Inforum 2011 Simp{\'o}sio de Inform{\'a}tica",
	month = "Setembro",
	year = "2011"
}

@Misc{ Yaghmour00measuringand,
	title = "Measuring and Characterizing System Behavior Using Kernel-Level Event Logging",
	author = "Karim Yaghmour and Michel R. Dagenais",
	year = "2000"
}

@InProceedings{ Yaghmour:2000:MCS:1267724.1267726,
	title = "Measuring and characterizing system behavior using kernel-level event logging",
	booktitle = "Proceedings of the annual conference on USENIX Annual Technical Conference",
	series = "ATEC '00",
	author = "Karim Yaghmour and Michel R. Dagenais",
	publisher = "USENIX Association",
	location = "San Diego, California",
	address = "Berkeley, CA, USA",
	pages = "2--2",
	year = "2000",
	url = "http://dl.acm.org/citation.cfm?id=1267724.1267726",
	acmid = "1267726",
	numpages = "1"
}

